<record><leader>00000cas a22000007a 4500</leader><controlfield tag="001">24707155</controlfield><controlfield tag="008">911107u19uuuuuunyuwr ne      0    0eng d</controlfield><datafield ind1=" " ind2=" " tag="010"><subfield code="a">sn 91066963 </subfield></datafield><datafield ind1=" " ind2=" " tag="040"><subfield code="a">NYS</subfield><subfield code="b">eng</subfield><subfield code="c">NYS</subfield><subfield code="d">OCLCQ</subfield></datafield><datafield ind1=" " ind2=" " tag="042"><subfield code="a">msc</subfield></datafield><datafield ind1="0" ind2="0" tag="245"><subfield code="a">Rockland news leader.</subfield></datafield><datafield ind1="1" ind2="3" tag="246"><subfield code="a">Rockland leader</subfield></datafield><datafield ind1="1" ind2="3" tag="246"><subfield code="a">Rockland independent</subfield></datafield><datafield ind1="1" ind2="7" tag="246"><subfield code="a">News/leader/independent</subfield></datafield><datafield ind1=" " ind2=" " tag="260"><subfield code="a">Suffern, N.Y. :</subfield><subfield code="b">Rockland Community News</subfield></datafield><datafield ind1=" " ind2=" " tag="300"><subfield code="a">v. :</subfield><subfield code="b">ill.</subfield></datafield><datafield ind1=" " ind2=" " tag="310"><subfield code="a">Weekly</subfield></datafield><datafield ind1=" " ind2=" " tag="500"><subfield code="a">Published on Wednesday.</subfield></datafield><datafield ind1=" " ind2=" " tag="588"><subfield code="a">Description based on: Vol. 77, no. 1 (Jan. 8, 1969).</subfield></datafield><datafield ind1=" " ind2=" " tag="588"><subfield code="a">Latest issue consulted: Vol. 11, no. 13 (Apr. 16, 1969).</subfield></datafield><datafield ind1=" " ind2="4" tag="651"><subfield code="a">Suffern (N.Y.)</subfield><subfield code="v">Newspapers.</subfield></datafield><datafield ind1=" " ind2=" " tag="752"><subfield code="a">United States</subfield><subfield code="b">New York</subfield><subfield code="c">Rockland</subfield><subfield code="d">Suffern.</subfield></datafield><datafield ind1="1" ind2=" " tag="029"><subfield code="a">AU@</subfield><subfield code="b">000025854922</subfield></datafield></record>